@unpublished{hugger-net,
  author = "{J. Hugger, T. Strouboulis, K. Copps, S. K. Gangaraj og}
           I. Babu\v{s}ka",
  title = "The asymptotically optimal meshsize function for bi-p
           degree interpolation over rectangular element subdivisions in two dimensions", 
  note = "Ikke-publiceret artikel",
  month = "september",
  year = 1994}

@unpublished{hugger-pol,
  author = "Jens Hugger",
  title = "Local Polynomial Interpolation in a Rectangle",
  note = "Ikke-publiceret artikel",
  month = "marts",
  year = 1995}  

@article{ba-gui,
  author = "{W. Gui og} I. Babu\v{s}ka",
  title = "Basic Principles of Feedback and Adaptive Approaches in the
           Finite Element Method",
  journal = "Computer Methods in Applied Mechanics and Engineering",
  volume = 55,
  year = 1986,
  pages = "27-42"}


@article{ba-mil,
  author = "{A. Miller og} I. Babu\v{s}ka",
  title = "A Feedback Finite Element Methode with A Posteriori Error
           Estimation: Part I. The Finite Element Methode and some Basic
           Properties of the A Posteriori Error Estimator",
  journal = "Computer Methods in Applied Mechanics and Engineering",
  volume = 61,
  year = 1987,
  pages = "1-40"}

@article{zz1,
  author = "{O. C. Zienkiewicz og} J. Z. Zhu",
  title = "A simple error estimator and adaptive procedure for
           practical engineering analysis",
  journal = "Int. J. Numer. Methods in Engineering",
  year = 1987,
  volume = 24,
  pages = "337-357"}

@article{zz2,
  author = "{J. Z. Zhu, A. W. Craig, O. C. Zienkiewicz og} M. Ainsworth",
  title = "Analysis of the {Z}ienkiewicz--{Z}hu a-posteriori error
           estimator in the finite element method",
  journal = "Int. J. Numer. Methods in Engineering",
  year = 1989,
  volume = 28,
  pages = "2161-2174"}

@article{zz3,
  author = "{O. C. Zienkiewicz og} J. Z. Zhu",
  title = "The superconvergent patch recovery and a posteriori error
           estimates. part 1: the recovery technique",
  journal = "Int. J. Numer. Methods in Engineering",
  year = 1992,
  volume = 33,
  pages = "1331-1364"}

@article{zz4,
  author = "{O. C. Zienkiewicz og} J. Z. Zhu",
  title = "The superconvergent patch recovery and a posteriori error
           estimates. part 2: error estimates and adaptivity",
  journal = "Int. J. Numer. Methods in Engineering",
  year = 1992,
  volume = 33,
  pages = "1365-1382"}

@article{nico,
  author = "R. A. Nicolaides",
  title = "On a Class of Finite Elements Generated by Lagrange
           Interpolation", 
  journal = "SIAM J: Numer. Anal.",
  year = 1972,
  volume = 9,
  number = 3, 
  pages = "127-141"}
  
@book{johnson87,
  author = "Claes Johnson",
  title = "Numerical solutions of partial differential
           equations by the finite element method",
  publisher = "Cambridge University Press",
  year = 1987}

@book{pedersen89,
  author = "Gert K. Pedersen",
  title = "Analysis Now",
  publisher = "Springer-Verlag",
  year = 1989}

@book{ciarlet78,
  author = "Philippe G. Ciarlet",
  title = "The finite element method for elliptic problems",
  publisher = "North-Holland Publishing Company",
  year = 1978}

@book{mapleVlanguage,
  author = "{Bruce W. Char, Keith O. Geddes, Gaston H. Gonnet,
            Benton L. Leong, Michael B. Monogan} og 
            Stephen M. Watt",
  title = "Maple V Language Reference Manual",
  publisher = "Springer-Verlag",
  year = 1991}

@book{mapleVlibrary,
  author = "{Bruce W. Char, Keith O. Geddes, Gaston H. Gonnet,
            Benton L. Leong, Michael B. Monogan} og 
            Stephen M. Watt",
  title = "Maple V Library Reference Manual",
  publisher = "Springer-Verlag",
  year = 1991}

@misc{johnson1,
  author = "{Kenneth Erikson, Don Estep, Peter Hansbo og} Claes Johnson",
  title = "Introduction to Numerical Methods for Differential
           Equations",
  howpublished = "Department of Mathematics, Chalmers University
                  of Technology", 
  year = 1994}

@misc{johnson2,
  author = "{Kenneth Erikson, Don Estep, Peter Hansbo} og
            Claes Johnson",
  title = "Introduction to Adaptive Methods for Differential
           Equations",
  howpublished = "Department of Mathematics, Chalmers University
                  of Technology", 
  year = 1994}

@inproceedings{zienkiewicz72,
  author = "O. C. Zienkiewicz",
  title = "Finite Elements - the Background Story",
  booktitle = "The Mathematics of Finite Elements and Applications",
  year = 1972,
  editor = "J. R. Whiteman",
  publisher = "Academic Press",
  note = "Proceedings of the Brunel University Conference of the
          Institute of Mathematics and Its Applications"}

@inproceedings{oden90,
  author = "J. Tinsley Oden",
  title = "historical Comments on Finite Elements",
  booktitle = "A History of Scientific Computation", 
  year = 1990,
  editor = "Stephen G. Nash",
  publisher = "ACM press",
  note = "Conference on the History of Scientific and Numeric
          Computations held at Princeton University 1987"}

@misc{babuska,
  author = "Ivo Babu\v{s}ka",
  title = "Courant Element: Before and After"}

@book{rudin,
  author = "Walter Rudin",
  title = " Real and complex analysis",
  publisher = "McGraw-Hill Book Company",
  edition = "third",
  year = 1987}

@misc{hugger-noter,
  author = "Jens Hugger",
  title = "Numerisk l\o sning af differentialligninger",
  note = "Noter til kursus af samme navn udbudt ved K\o benhavns
          Universitet",
  year = "For\aa rsemesteret 1995"}

@book{berger,
  author = "Melvyn S. Berger",
  title = "Nonlinearity and functional analysis",
  publisher = "Academic Press",
  year = 1977}

@article{hugger-1,
  author = "Jens Hugger",
  title = "Adaptive recovery of near optimal meshes in the finite
           element method for parameter dependent problems",
  journal = "Computer Methods in Applied Mechanics and Engineering",
  year = 1992,
  volume = 101,
  pages = "127--141"}

@article{hugger-2,
  author = "Jens Hugger",
  title = "The theory of density representation of finite element
           meshes. Examples of density operators with quadrilateral 
           elements in the mapped domain",
  journal = "Computer Methods in Applied Mechanics and Engineering",
  year = 1993,
  volume = 109,
  pages = "17--39"}

@article{hugger-3,
  author = "Jens Hugger",
  title = "Recovery and few parameter representation of the optimal
           mesh density function for near optimal finite element meshes",
  journal = "Computer Methods in Applied Mechanics and Engineering",
  year = 1993,
  volume = 109,
  pages = "41--71"} 

@techreport{hugger-4,
  author = "Jens Hugger",
  title = "Recovery of the Optimal Mesh Density Function and Near
           Optimal Meshed with Rectangular Elements in the Mapped Domain",
  institution = "Istituto di Analisi Numerica, Italy",
  year = 1994,
  number = "Pubblicazioni N. 915"}

@booklet{babuska82,
  author = "{Ivo Babu\v{s}ka og} Barna Szabo",
  title = "Lecture notes on finite element analysis, 2. Basic
           mathematical concepts",
  year = 1982,
  month = "November"}
 
@techreport{chen1,
  author = "{Ivo Babu\v{s}ka og} Qi Chen",
  title = "Polynomial interpolation of real functions. Interpolation
           in an interval",
  institution = "IPST, Inst. for Phys. Sci. adn Tech, University of
                 Maryland",
  address = "Collage Park , MD 20742, U.S.A",
  year = 1993,
  number = "Technical Note BN-1153"}
 
@techreport{chen2,
  author = "{Ivo Babu\v{s}ka og} Qi Chen",
  title = "Polynomial interpolation of real functions. Symmetrical
           interpolation for the triangle",
  institution = "IPST, Inst. for Phys. Sci. adn Tech, University of
                 Maryland",
  address = "Collage Park , MD 20742, U.S.A",
  year = 1993,
  number = "Technical Note BN-1153"}

@article{ainsworth-oden1,
  author = "{J.T. Oden og} M. Ainsworth",
  title = "A procedure for a posteriori error estimation for h-p finite
           element methods",
  journal = "Computer Methods in Applied Mechanics and Engineering, North-Holland",
  year = 1992,
  volume = 101,
  pages = "73-96"}

@article{ainsworth-oden2,
  author = "{J.T. Oden og} M. Ainsworth",
  title = "A unified approach to a posteriori error estimation using element
           residual methods",
  journal = "Numerische Mathematik, Springer-Verlag",
  year = 1993,
  volume = 65,
  pages = "23-50"}

@article{ainsworth-oden3,
  author = "{J.T. Oden og} M. Ainsworth",
  title = "A Posteriori Error Estimators for Second Order Elliptic Systems:
           Part 1. Theoretical Foundations and A Posteriori Error Analysis",
  journal = "Computers Math. Applic.",
  year = 1993,
  volume = "Vol. 25",
  number = "No. 2",
  pages = "101-113"}

@article{ainsworth-oden4,
  author = "{J.T. Oden og}  M. Ainsworth",
  title = "A Posteriori Error Estimators for Second Order Elliptic Systems
           Part 2. An Optimal Order Process for Calculating Self-Equilibrating
           Fluxes",
  journal = "Computers Math. Applic.",
  year = 1993,
  volume = "Vol. 26",
  number = "No. 9",
  pages = "75-87"}

@techreport{babuska1,
  author = "{T. Strouboulis, C.S. Upadhyay og} I. Babu\v{s}ka",
  title = "A Model Study of the Quality of A-Posteriori Estimators for
           Linear Elliptic Problems. Part 1a: Error Estimation in the Interior of
           Patchwise Uniform Grids of Triangles",
  institution = "Institute for Physical Science and Technology, University of Maryland",
  year = 1993,
  number = "Technical Note BN-1147",
  address = "Collage Park , MD 20742, U.S.A"}

@techreport{babuska2,
  author = "{T. Strouboulis, C.S. Upadhyay, S.K. Gangaraj, K. Copps
            og} I. Babu\v{s}ka",
  title = "Validation of A-Posteriori Error Estimators by Numerical Approach",
  institution = "Institute for Physical Science and Technology, University of Maryland",
  year = 1993,
  number = "Technical Note BN-1151",
  address = "Collage Park , MD 20742, U.S.A"}

@techreport{babuska3,
  author = "{T. Strouboulis, C.S. Upadhyay, S.K. Gangaraj og} I. Babu\v{s}ka",
  title = "A Model Study of Element Residual Estimators for Linear Elliptic
           Problems: The Quality of the Estimators in the Interior of Meshes of
           Triangles and Quadrilaterals",
  institution = "Institute for Physical Science and Technology, University of Maryland",
  year = 1993,
  number = "Technical Note BN-1171",
  address = "Collage Park , MD 20742, U.S.A"}

@article{bank-weiser85,
  author = "{A. Weiser og} R.E. Bank",
  title = "Some A Posteriori Error Estimators for Elliptic Partial
           Differential Equations",
  journal = "Mathematics of Computations",
  year = 1985,
  volume = "Vol. 44",
  number = "Number 170",
  pages = "283-301"}

@incollection{bank-86,
  author = "R.E. Bank",
  title = "Analysis of a Local a posteriori Error Estimate for Elliptic
           Equations",
  editor = "I. Babu\v{s}ka et. al.",
  chapter = 7,
  publisher = "Wiley",  
  booktitle = "Accuracy Estimates and Adaptive Refinements in Finite
          Element Computations",
  year = 1986}

@techreport{hugger95-1,
  author = "Jens Hugger",
  title = "The Equilibrium Method for Local, A Posteriori, Pointwise
           Estimation of the Finite Element Error",
  institution = " Matematisk Institut, K\o benhavns Universitet",
  number = "Preprint Series, Nr. 2",
  year = 1995}

@incollection{hugger95-2,
  author = "Jens Hugger",
  title = " An asymptotically exact, pointwise, a posteriori error estimator
            for the finite element method with super convergence
            properties",
  editor = "{I. Babu\v{s}ka, W.D. Henshaw, J.E. Flaherty, J.E. Oliger, J.E.
            Hopcroft} og T. Tezduyar",
  volume = "Volume 75",
  series = "``IMA Volumes in Mathematics and its Applications''",
  booktitle = "Modelling, mesh generation, and adaptive numerical
               methods for partial differential equations",
  pages = "277-307", 
  publisher = "Springer-Verlag",
  year = 1995}

@unpublished{hugger95-3,
  author = "Jens Hugger",
  title = "The Elemental Equilibrium Method for Local, A Posteriori, Pointwise
           Estimation of the Finite Element Error",
  note = "Matematisk Institut, K\o benhavns Universitet",
  year =  1995}

@article{hugger94,
  author = "Jens Hugger",
  title = "An asymptotically exact, pointwise, a posteriori error estimator
           for linear, elliptic, one-dimensional problems with possible
           singularities in the solution",
  journal = "Journal of Computational and Applied Mathematics",
  year = 1994,
  volume = 54,
  pages = "185-220"}

@article{kelly,
  author = "D.W. Kelly",
  title = "The self equilibration of residuals and complementary error
           estimates in the finite element method",
  journal = "International Journal of Methods in Engineering",
  year = 1984,
  volume = 20,
  pages = "1491-1506"}

@article{ladeveze,
  author = "{D. Leguillon og} P. Ladeveze",
  title = "Error Estimate Procedure in the Finite Element Method and
           Applications",
  journal = "SIAM J. Numer. Anal.",
  year = 1983,
  volume = "Vol. 20",
  number = "No. 3",
  pages = "485-509"}




